@article{kurbucz2025adaptive,
  title={Adaptive Law-Based Transformation (ALT): A Lightweight Feature Representation for Time Series Classification},
  author={Kurbucz, Marcell T and Haj{\'o}s, Bal{\'a}zs and Halmos, Bal{\'a}zs P and Moln{\'a}r, Vince {\'A} and Jakov{\'a}c, Antal},
  journal={arXiv preprint arXiv:2501.09217},
  year={2025}
}

@article{halmos2025alt,
  title={ALT: A Python Package for Lightweight Feature Representation in Time Series Classification},
  author={Halmos, Bal{\'a}zs P and Haj{\'o}s, Bal{\'a}zs and Moln{\'a}r, Vince {\'A} and Kurbucz, Marcell T and Jakov{\'a}c, Antal},
  journal={arXiv preprint arXiv:2504.12841},
  year={2025}
}

@misc{CoffeeDataset1996,
  title        = {Coffee Dataset},
  author       = {Briandet, R. and {et al.}},
  howpublished = {\url{https://www.timeseriesclassification.com/description.php?Dataset=Coffee}},
  year         = {1996},
  note         = {Discrimination of Arabica and Robusta in Instant Coffee by Fourier Transform Infrared Spectroscopy and Chemometrics. J. Agric. Food Chem. 44(1), Briandet etÂ al.},
}

